@inproceedings{aggarwal2021rank,
	title={Rank Prediction in PUBG: A Multiplayer Online Battle Royale Game},
	author={Aggarwal, Harsh and Gautam, Siddharth and Malik, Sandeep and Khosla, Arushi and Punj, Abhishek and Bhasin, Bismaad},
	booktitle={Emerging Technologies in Data Mining and Information Security: Proceedings of IEMIS 2020, Volume 2},
	pages={859--867},
	year={2021},
	organization={Springer}
}

@article{liu2020two,
	title={A two-stage real-time prediction method for multiplayer shooting e-sports},
	author={Liu, Jiaxin and Huang, Jiaxin and Chen, Ruyun and Liu, Tianchang and Zhou, Liang},
	year={2020}
}
@article{ghazali2021esports,
	title={Esports Analytics on PlayerUnknown's Battlegrounds Player Placement Prediction using Machine Learning},
	author={Ghazali, NF and Sanat, N and As' ari, MA},
	journal={International Journal of Human and Technology Interaction (IJHaTI)},
	volume={5},
	number={1},
	pages={17--28},
	year={2021}
}